<?xml version="1.0" encoding="UTF-8"?><collection xmlns="http://www.loc.gov/MARC21/slim"><record><leader>00564nam--2200193-u-4500</leader><controlfield tag="001">000052834</controlfield><controlfield tag="002">20161230</controlfield><controlfield tag="005">20161230201050</controlfield><controlfield tag="008">101122s1000------------r-----000-0-rum-d</controlfield><datafield ind1=" " ind2=" " tag="040"><subfield code="a">IFIN-HH</subfield></datafield><datafield ind1=" " ind2=" " tag="041"><subfield code="a">rum</subfield></datafield><datafield ind1=" " ind2=" " tag="080"><subfield code="a">539</subfield></datafield><datafield ind1="1" ind2=" " tag="100"><subfield code="a">Bahrim, Mariana</subfield></datafield><datafield ind1="1" ind2="0" tag="245"><subfield code="a">Analiza strucutrii si compozitiei materialelor speciale prin metode atomice si nucleare</subfield><subfield code="b">Teza</subfield><subfield code="c">Mariana bahrim</subfield></datafield><datafield ind1=" " ind2=" " tag="260"><subfield code="a">Bucuresti</subfield><subfield code="b">Ifa</subfield><subfield code="c">2009</subfield></datafield><datafield ind1=" " ind2=" " tag="300"><subfield code="a">295P</subfield></datafield><datafield ind1=" " ind2=" " tag="500"><subfield code="a">Conducator Sttintific: Prof. Univ. Dr. Ion V. Popescu</subfield></datafield><datafield ind1=" " ind2=" " tag="852"><subfield code="a">82286</subfield><subfield code="c">539</subfield></datafield><datafield ind1=" " ind2=" " tag="CAT"><subfield code="a">Sys</subfield><subfield code="c">20110125</subfield><subfield code="h">130638</subfield></datafield></record></collection>